@article{sarma2020review,
  title={Review on stimuli presentation for affect analysis based on EEG},
  author={Sarma, Parthana and Barma, Shovan},
  journal={IEEE Access},
  volume={8},
  pages={51991--52009},
  year={2020},
  publisher={IEEE}
}
@article{yasin2023machine,
  title={Machine learning based approaches for clinical and non-clinical depression recognition and depression relapse prediction using audiovisual and EEG modalities: A comprehensive review},
  author={Yasin, Sana and Othmani, Alice and Raza, Imran and Hussain, Syed Asad},
  journal={Computers in Biology and Medicine},
  volume={159},
  pages={106741},
  year={2023},
  publisher={Elsevier}
}
@article{tokuno2018pathophysiological,
  title={Pathophysiological voice analysis for diagnosis and monitoring of depression},
  author={Tokuno, Shinichi},
  journal={Understanding Depression: Volume 2. Clinical Manifestations, Diagnosis and Treatment},
  pages={83--95},
  year={2018},
  publisher={Springer}
}
@article{koops2023speech,
  title={Speech as a biomarker for depression},
  author={Koops, Sanne and Brederoo, Sanne G and de Boer, Janna N and Nadema, Femke G and Voppel, Alban E and Sommer, Iris E},
  journal={CNS \& Neurological Disorders-Drug Targets (Formerly Current Drug Targets-CNS \& Neurological Disorders)},
  volume={22},
  number={2},
  pages={152--160},
  year={2023},
  publisher={Bentham Science Publishers}
}
@article{jan2017artificial,
  title={Artificial intelligent system for automatic depression level analysis through visual and vocal expressions},
  author={Jan, Asim and Meng, Hongying and Gaus, Yona Falinie Binti A and Zhang, Fan},
  journal={IEEE Transactions on Cognitive and Developmental Systems},
  volume={10},
  number={3},
  pages={668--680},
  year={2017},
  publisher={IEEE}
}
@article{shoumy2020multimodal,
  title={Multimodal big data affective analytics: A comprehensive survey using text, audio, visual and physiological signals},
  author={Shoumy, Nusrat J and Ang, Li-Minn and Seng, Kah Phooi and Rahaman, DM Motiur and Zia, Tanveer},
  journal={Journal of Network and Computer Applications},
  volume={149},
  pages={102447},
  year={2020},
  publisher={Elsevier}
}
@article{islam2018depression,
  title={Depression detection from social network data using machine learning techniques},
  author={Islam, Md Rafiqul and Kabir, Muhammad Ashad and Ahmed, Ashir and Kamal, Abu Raihan M and Wang, Hua and Ulhaq, Anwaar},
  journal={Health information science and systems},
  volume={6},
  pages={1--12},
  year={2018},
  publisher={Springer}
}

@article{correia2020mining,
  title={Mining social media data for biomedical signals and health-related behavior},
  author={Correia, Rion Brattig and Wood, Ian B and Bollen, Johan and Rocha, Luis M},
  journal={Annual review of biomedical data science},
  volume={3},
  pages={433--458},
  year={2020},
  publisher={Annual Reviews}
}

@inproceedings{mehra2022mental,
  title={Mental health interventions among adolescents in India: a scoping review},
  author={Mehra, Devika and Lakiang, Theophilus and Kathuria, Nishtha and Kumar, Manish and Mehra, Sunil and Sharma, Shantanu},
  booktitle={Healthcare},
  volume={10},
  number={2},
  pages={337},
  year={2022},
  organization={MDPI}
}

@article{konig2022detecting,
  title={Detecting subtle signs of depression with automated speech analysis in a non-clinical sample},
  author={K{\"o}nig, Alexandra and Tr{\"o}ger, Johannes and Mallick, Elisa and Mina, Mario and Linz, Nicklas and Wagnon, Carole and Karbach, Julia and Kuhn, Caroline and Peter, Jessica},
  journal={BMC psychiatry},
  volume={22},
  number={1},
  pages={830},
  year={2022},
  publisher={Springer}
}

@article{amanat2022deep,
  title={Deep learning for depression detection from textual data},
  author={Amanat, Amna and Rizwan, Muhammad and Javed, Abdul Rehman and Abdelhaq, Maha and Alsaqour, Raed and Pandya, Sharnil and Uddin, Mueen},
  journal={Electronics},
  volume={11},
  number={5},
  pages={676},
  year={2022},
  publisher={MDPI}
}

@inproceedings{gaikwad2023speech,
  title={Speech Recognition-Based Prediction for Mental Health and Depression: A Review},
  author={Gaikwad, Priti and Venkatesan, Mithra},
  booktitle={Congress on Control, Robotics, and Mechatronics},
  pages={13--24},
  year={2023},
  organization={Springer}
}
@article{swain2018databases,
  title={Databases, features and classifiers for speech emotion recognition: a review},
  author={Swain, Monorama and Routray, Aurobinda and Kabisatpathy, Prithviraj},
  journal={International Journal of Speech Technology},
  volume={21},
  pages={93--120},
  year={2018},
  publisher={Springer}
}
@article{wani2021comprehensive,
  title={A comprehensive review of speech emotion recognition systems},
  author={Wani, Taiba Majid and Gunawan, Teddy Surya and Qadri, Syed Asif Ahmad and Kartiwi, Mira and Ambikairajah, Eliathamby},
  journal={IEEE access},
  volume={9},
  pages={47795--47814},
  year={2021},
  publisher={IEEE}
}
@inproceedings{krishnan2018iot,
  title={An IoT based patient health monitoring system},
  author={Krishnan, D Shiva Rama and Gupta, Subhash Chand and Choudhury, Tanupriya},
  booktitle={2018 international conference on advances in computing and communication engineering (ICACCE)},
  pages={01--07},
  year={2018},
  organization={IEEE}
}
@book{schwartz2016internet,
  title={Internet of Things with ESP8266},
  author={Schwartz, Marco},
  year={2016},
  publisher={Packt Publishing Ltd}
}
@article{mohammed2021real,
  title={Real-time monitoring of the prototype design of electric system by the ubidots platform},
  author={Mohammed, Noor Saleh and Selman, Nasir Hussein},
  journal={International Journal of Electrical and Computer Engineering},
  volume={11},
  number={6},
  pages={5568--5577},
  year={2021},
  publisher={IAES Institute of Advanced Engineering and Science}
}
@article{noor2021predicting,
  title={Predicting the risk of depression based on ECG using RNN},
  author={Noor, Sumaiya Tarannum and Asad, Syeda Tasmiah and Khan, Mohammad Monirujjaman and Gaba, Gurjot Singh and Al-Amri, Jehad F and Masud, Mehedi and others},
  journal={Computational intelligence and neuroscience},
  volume={2021},
  year={2021},
  publisher={Hindawi}
}
@inproceedings{hu2020internet,
  title={Internet of Things (IoT) for healthcare application: Wearable sleep body position monitoring system using IoT platform},
  author={Hu, Xinying and Abdulghani, Amir M and Imran, Muhammad and Abbasi, Qammer H},
  booktitle={Proceedings of the 2020 international conference on computing, networks and internet of things},
  pages={76--81},
  year={2020}
}
@article{mahesh2020machine,
  title={Machine learning algorithms-a review},
  author={Mahesh, Batta},
  journal={International Journal of Science and Research (IJSR).[Internet]},
  volume={9},
  number={1},
  pages={381--386},
  year={2020}
}
@article{chowdhary2020natural,
  title={Natural language processing},
  author={Chowdhary, KR1442 and Chowdhary, KR},
  journal={Fundamentals of artificial intelligence},
  pages={603--649},
  year={2020},
  publisher={Springer}
}
@book{goodfellow2016deep,
  title={Deep learning},
  author={Goodfellow, Ian and Bengio, Yoshua and Courville, Aaron},
  year={2016},
  publisher={MIT press}
}
}
@article{lecun2015deep,
  title={Deep learning},
  author={LeCun, Yann and Bengio, Yoshua and Hinton, Geoffrey},
  journal={nature},
  volume={521},
  number={7553},
  pages={436--444},
  year={2015},
  publisher={Nature Publishing Group UK London}
}
@article{babu2022sentiment,
  title={Sentiment analysis in social media data for depression detection using artificial intelligence: a review},
  author={Babu, Nirmal Varghese and Kanaga, E Grace Mary},
  journal={SN computer science},
  volume={3},
  number={1},
  pages={74},
  year={2022},
  publisher={Springer}
}
@article{serhani2020ecg,
  title={ECG monitoring systems: Review, architecture, processes, and key challenges},
  author={Serhani, Mohamed Adel and T. El Kassabi, Hadeel and Ismail, Heba and Nujum Navaz, Alramzana},
  journal={Sensors},
  volume={20},
  number={6},
  pages={1796},
  year={2020},
  publisher={MDPI}
}
@misc{berrar2019bayes,
  title={Bayes' Theorem and Naive Bayes Classifier.},
  author={Berrar, Daniel},
  year={2019}
}
@article{li2021survey,
  title={A survey of convolutional neural networks: analysis, applications, and prospects},
  author={Li, Zewen and Liu, Fan and Yang, Wenjie and Peng, Shouheng and Zhou, Jun},
  journal={IEEE transactions on neural networks and learning systems},
  volume={33},
  number={12},
  pages={6999--7019},
  year={2021},
  publisher={IEEE}
}
@article{kayte2015marathi,
  title={A Marathi Hidden-Markov Model Based Speech Synthesis System},
  author={Kayte, Sangramsing and Mundada, Monica and Kayte, Dr Charansing},
  journal={IOSR Journal of VLSI and Signal Processing (IOSR-JVSP) Volume},
  volume={5},
  pages={34--39e},
  year={2015}
}
@article{ wani2021comprehensive,
  title={A comprehensive review of speech emotion recognition systems},
  author={Wani, Taiba Majid and Gunawan, Teddy Surya and Qadri, Syed Asif Ahmad and Kartiwi, Mira and Ambikairajah, Eliathamby},
  journal={IEEE access},
  volume={9},
  pages={47795--47814},
  year={2021},
  publisher={IEEE}
}
@article{cervantes2020comprehensive,
  title={A comprehensive survey on support vector machine classification: Applications, challenges and trends},
  author={Cervantes, Jair and Garcia-Lamont, Farid and Rodr{\'\i}guez-Mazahua, Lisbeth and Lopez, Asdrubal},
  journal={Neurocomputing},
  volume={408},
  pages={189--215},
  year={2020},
  publisher={Elsevier}
}
@article{wu2018development,
  title={Development and application of artificial neural network},
  author={Wu, Yu-chen and Feng, Jun-wen},
  journal={Wireless Personal Communications},
  volume={102},
  pages={1645--1656},
  year={2018},
  publisher={Springer}
}
@article{wang2022predrnn,
  title={Predrnn: A recurrent neural network for spatiotemporal predictive learning},
  author={Wang, Yunbo and Wu, Haixu and Zhang, Jianjin and Gao, Zhifeng and Wang, Jianmin and Philip, S Yu and Long, Mingsheng},
  journal={IEEE Transactions on Pattern Analysis and Machine Intelligence},
  volume={45},
  number={2},
  pages={2208--2225},
  year={2022},
  publisher={IEEE}
}
@inproceedings{saifuzzaman2021machine,
  title={Machine learning approach to predict SGPA and CGPA},
  author={Saifuzzaman, Mohd and Parvin, Masuma and Jahan, Israt and Moon, Nazmun Nessa and Nur, Fernaz Narin and Shetu, Syeda Farjana},
  booktitle={2021 International Conference on Artificial Intelligence and Computer Science Technology (ICAICST)},
  pages={211--216},
  year={2021},
  organization={IEEE}
}
@article{sidebotham2020most,
  title={Are most randomised trials in anaesthesia and critical care wrong? An analysis using Bayes’ theorem},
  author={Sidebotham, D},
  journal={Anaesthesia},
  volume={75},
  number={10},
  pages={1386--1393},
  year={2020},
  publisher={Wiley Online Library}
}
@article{arquilla2020textile,
  title={Textile electrocardiogram (ECG) electrodes for wearable health monitoring},
  author={Arquilla, Katya and Webb, Andrea K and Anderson, Allison P},
  journal={Sensors},
  volume={20},
  number={4},
  pages={1013},
  year={2020},
  publisher={MDPI}
}
@article{merletti2020tutorial,
  title={Tutorial. Surface EMG detection, conditioning and pre-processing: Best practices},
  author={Merletti, R and Cerone, GL},
  journal={Journal of Electromyography and Kinesiology},
  volume={54},
  pages={102440},
  year={2020},
  publisher={Elsevier}
}
@article{mendes2023ad8232,
  title={Ad8232 to biopotentials sensors: Open source project and benchmark},
  author={Mendes Junior, Jos{\'e} Jair Alves and Campos, Daniel Prado and Biassio, Lorenzo Coelho de Andrade Villela De and Passos, Pedro Carlin and J{\'u}nior, Paulo Broniera and Lazzaretti, Andr{\'e} Eug{\^e}nio and Krueger, Eddy},
  journal={Electronics},
  volume={12},
  number={4},
  pages={833},
  year={2023},
  publisher={MDPI}
}
@phdthesis{schmidli2023different,
  title={Different Approaches to control GPIO Pins of the Raspberry Pi using Haskell},
  author={Schmidli, Eliane Ir{\`e}ne},
  year={2023},
  school={OST Ostschweizer Fachhochschule}
}
@article{tiwari2021analysis,
  title={Analysis of heart rate variability and implication of different factors on heart rate variability},
  author={Tiwari, Reena and Kumar, Ravindra and Malik, Sujata and Raj, Tilak and Kumar, Punit},
  journal={Current cardiology reviews},
  volume={17},
  number={5},
  year={2021},
  publisher={Bentham Science Publishers}
}
@article{mishra2020new,
  title={New data preprocessing trends based on ensemble of multiple preprocessing techniques},
  author={Mishra, Puneet and Biancolillo, Alessandra and Roger, Jean Michel and Marini, Federico and Rutledge, Douglas N},
  journal={TrAC Trends in Analytical Chemistry},
  volume={132},
  pages={116045},
  year={2020},
  publisher={Elsevier}
}
@article{paullada2021data,
  title={Data and its (dis) contents: A survey of dataset development and use in machine learning research},
  author={Paullada, Amandalynne and Raji, Inioluwa Deborah and Bender, Emily M and Denton, Emily and Hanna, Alex},
  journal={Patterns},
  volume={2},
  number={11},
  year={2021},
  publisher={Elsevier}
}
@inproceedings{narayanan2021efficient,
  title={Efficient large-scale language model training on gpu clusters using megatron-lm},
  author={Narayanan, Deepak and Shoeybi, Mohammad and Casper, Jared and LeGresley, Patrick and Patwary, Mostofa and Korthikanti, Vijay and Vainbrand, Dmitri and Kashinkunti, Prethvi and Bernauer, Julie and Catanzaro, Bryan and others},
  booktitle={Proceedings of the International Conference for High Performance Computing, Networking, Storage and Analysis},
  pages={1--15},
  year={2021}
}
@article{yang2021artificial,
  title={Artificial convolutional neural network in object detection and semantic segmentation for medical imaging analysis},
  author={Yang, Ruixin and Yu, Yingyan},
  journal={Frontiers in oncology},
  volume={11},
  pages={638182},
  year={2021},
  publisher={Frontiers Media SA}
}
@article{chiong2021textual,
  title={A textual-based featuring approach for depression detection using machine learning classifiers and social media texts},
  author={Chiong, Raymond and Budhi, Gregorius Satia and Dhakal, Sandeep and Chiong, Fabian},
  journal={Computers in Biology and Medicine},
  volume={135},
  pages={104499},
  year={2021},
  publisher={Elsevier}
}
@article{sardari2022audio,
  title={Audio based depression detection using Convolutional Autoencoder},
  author={Sardari, Sara and Nakisa, Bahareh and Rastgoo, Mohammed Naim and Eklund, Peter},
  journal={Expert Systems with Applications},
  volume={189},
  pages={116076},
  year={2022},
  publisher={Elsevier}
}
@incollection{vamseekrishna2023low,
  title={Low-Cost ECG-Based Heart Monitoring System with Ubidots Platform},
  author={Vamseekrishna, A and Siva Ganga Prasad, M and Gopi Krishna, P and Bhargavi, P and Rohit, S and Tanmayi, B},
  booktitle={Embracing Machines and Humanity Through Cognitive Computing and IoT},
  pages={57--66},
  year={2023},
  publisher={Springer}
}
@article{kleiman2021comparison,
  title={Comparison of electrocardiograms (ECG) waveforms and centralized ECG measurements between a simple 6-lead mobile ECG device and a standard 12-lead ECG},
  author={Kleiman, Robert and Darpo, Borje and Brown, Randy and Rudo, Todd and Chamoun, Svetlana and Albert, David E and Bos, Johan Martijn and Ackerman, Michael J},
  journal={Annals of Noninvasive Electrocardiology},
  volume={26},
  number={6},
  pages={e12872},
  year={2021},
  publisher={Wiley Online Library}
}
@article{serhani2020ecg,
  title={ECG monitoring systems: Review, architecture, processes, and key challenges},
  author={Serhani, Mohamed Adel and T. El Kassabi, Hadeel and Ismail, Heba and Nujum Navaz, Alramzana},
  journal={Sensors},
  volume={20},
  number={6},
  pages={1796},
  year={2020},
  publisher={MDPI}
}

@article{yeh2021integrating,
  title={Integrating ECG monitoring and classification via IoT and deep neural networks},
  author={Yeh, Li-Ren and Chen, Wei-Chin and Chan, Hua-Yan and Lu, Nan-Han and Wang, Chi-Yuan and Twan, Wen-Hung and Du, Wei-Chang and Huang, Yung-Hui and Hsu, Shih-Yen and Chen, Tai-Been},
  journal={Biosensors},
  volume={11},
  number={6},
  pages={188},
  year={2021},
  publisher={MDPI}
}
@article{vazquez2020automatic,
  title={Automatic detection of depression in speech using ensemble convolutional neural networks},
  author={V{\'a}zquez-Romero, Adri{\'a}n and Gallardo-Antol{\'\i}n, Ascensi{\'o}n},
  journal={Entropy},
  volume={22},
  number={6},
  pages={688},
  year={2020},
  publisher={MDPI}
}
@article{sutikno2021internet,
  title={Internet of things-based photovoltaics parameter monitoring system using NodeMCU ESP8266},
  author={Sutikno, Tole and Purnama, Hendril Satrian and Pamungkas, Anggit and Fadlil, Abdul and Alsofyani, Ibrahim Mohd and Jopri, Mohd Hatta},
  journal={International Journal of Electrical and Computer Engineering},
  volume={11},
  number={6},
  pages={5578},
  year={2021},
  publisher={IAES Institute of Advanced Engineering and Science}
}
@article{schwartz1978facial,
  title={Facial electromyography in the assessment of improvement in depression},
  author={Schwartz, Gary E and Fair, Paul L and Mandel, Michel R and Salt, Patricia and Mieske, Marlene and Klerman, Gerald L},
  journal={Psychosomatic Medicine},
  volume={40},
  number={4},
  pages={355--360},
  year={1978},
  publisher={LWW}
}
@inproceedings{libman2023ecg,
  title={ECG-Coupled Multimodal Approach for Stress Detection},
  author={Libman, Misha and Mohammadi, Gelareh},
  booktitle={Proceedings of the 4th on Multimodal Sentiment Analysis Challenge and Workshop: Mimicked Emotions, Humour and Personalisation},
  pages={67--72},
  year={2023}
}
@article{morshedlou2021ultra,
  title={An ultra-low power analog QRS-detection circuit for ambulatory ECG monitoring},
  author={Morshedlou, Farnaz and Ravanshad, Nassim and Rezaee-Dehsorkh, Hamidreza},
  journal={AEU-International Journal of Electronics and Communications},
  volume={129},
  pages={153551},
  year={2021},
  publisher={Elsevier}
}
@article{wang2020cnn,
  title={CNN explainer: learning convolutional neural networks with interactive visualization},
  author={Wang, Zijie J and Turko, Robert and Shaikh, Omar and Park, Haekyu and Das, Nilaksh and Hohman, Fred and Kahng, Minsuk and Chau, Duen Horng Polo},
  journal={IEEE Transactions on Visualization and Computer Graphics},
  volume={27},
  number={2},
  pages={1396--1406},
  year={2020},
  publisher={IEEE}
}
@inproceedings{pons2021evanescent,
  title={Evanescent mode filters composed of dielectric parts built using 3D-printing methods},
  author={Pons, A and Garc{\'\i}a, JM and Quesada, FD and Alvarez-Melcon, A and Romera, A and Hinojosa, Juan and Guglielmi, Marco and Boria, Vicente E and Arche-Andradas, Lara},
  booktitle={2021 IEEE MTT-S International Microwave Filter Workshop (IMFW)},
  pages={14--16},
  year={2021},
  organization={IEEE}
}
@article{marriwala2023hybrid,
  title={A hybrid model for depression detection using deep learning},
  author={Marriwala, Nikhil and Chaudhary, Deepti and others},
  journal={Measurement: Sensors},
  volume={25},
  pages={100587},
  year={2023},
  publisher={Elsevier}
}
@article{dimas2022classification,
  title={Classification of Electroencephalogram Generated by Brain for Analysis of Brain Wave Signals in Students Depression},
  author={Dimas, Aditya},
  journal={International Journal of Engineering Technology and Natural Sciences},
  volume={4},
  number={2},
  pages={95--101},
  year={2022}
}
@article{pesti2020electrode,
  title={Electrode placement strategies for the measurement of radial artery bioimpedance: Simulations and experiments},
  author={Pesti, Ksenija and Metshein, Margus and Annus, Paul and K{\~o}iv, Hip and Min, Mart},
  journal={IEEE Transactions on Instrumentation and Measurement},
  volume={70},
  pages={1--10},
  year={2020},
  publisher={IEEE}
}
@article{arquilla2020textile,
  title={Textile electrocardiogram (ECG) electrodes for wearable health monitoring},
  author={Arquilla, Katya and Webb, Andrea K and Anderson, Allison P},
  journal={Sensors},
  volume={20},
  number={4},
  pages={1013},
  year={2020},
  publisher={MDPI}
}
@article{ksibi2023electroencephalography,
  title={Electroencephalography-based depression detection using multiple machine learning techniques},
  author={Ksibi, Amel and Zakariah, Mohammed and Menzli, Leila Jamel and Saidani, Oumaima and Almuqren, Latifah and Hanafieh, Rosy Awny Mohamed},
  journal={Diagnostics},
  volume={13},
  number={10},
  pages={1779},
  year={2023},
  publisher={MDPI}
}
@article{serhani2020ecg,
  title={ECG monitoring systems: Review, architecture, processes, and key challenges},
  author={Serhani, Mohamed Adel and T. El Kassabi, Hadeel and Ismail, Heba and Nujum Navaz, Alramzana},
  journal={Sensors},
  volume={20},
  number={6},
  pages={1796},
  year={2020},
  publisher={MDPI}
}
@inproceedings{daisy2021early,
  title={Early-stage depression detector using IoMT},
  author={Daisy, I Jeya and Kumar, B Vinoth and Krishnamoorthy, M},
  booktitle={2021 International Conference on Advancements in Electrical, Electronics, Communication, Computing and Automation (ICAECA)},
  pages={1--5},
  year={2021},
  organization={IEEE}
}
@article{arquilla2020textile,
  title={Textile electrocardiogram (ECG) electrodes for wearable health monitoring},
  author={Arquilla, Katya and Webb, Andrea K and Anderson, Allison P},
  journal={Sensors},
  volume={20},
  number={4},
  pages={1013},
  year={2020},
  publisher={MDPI}
}
@inproceedings{roh2014wearable,
  title={Wearable depression monitoring system with heart-rate variability},
  author={Roh, Taehwan and Hong, Sunjoo and Yoo, Hoi-Jun},
  booktitle={2014 36th Annual International Conference of the IEEE Engineering in Medicine and Biology Society},
  pages={562--565},
  year={2014},
  organization={IEEE}
}
@inproceedings{yang2021new,
  title={A new type of right-leg-drive circuit ECG amplifier using new operational amplifier},
  author={Yang, Wang},
  booktitle={Journal of Physics: Conference Series},
  volume={1846},
  number={1},
  pages={012034},
  year={2021},
  organization={IOP Publishing}
}
\\